<record><leader>00000cas a22000007a 4500</leader><controlfield tag="001">20615653</controlfield><controlfield tag="008">891108d18951896mouwr ne      0    0eng d</controlfield><datafield ind1=" " ind2=" " tag="010"><subfield code="a">sn 89067454 </subfield></datafield><datafield ind1=" " ind2=" " tag="040"><subfield code="a">MQN</subfield><subfield code="b">eng</subfield><subfield code="c">MQN</subfield><subfield code="d">OCLCQ</subfield><subfield code="d">DLC</subfield></datafield><datafield ind1=" " ind2=" " tag="042"><subfield code="a">msc</subfield></datafield><datafield ind1="0" ind2=" " tag="130"><subfield code="a">Herald (Memphis, Mo.)</subfield></datafield><datafield ind1="1" ind2="4" tag="245"><subfield code="a">The herald.</subfield></datafield><datafield ind1=" " ind2=" " tag="260"><subfield code="a">Memphis, Mo. :</subfield><subfield code="b">Joe Ingalls,</subfield><subfield code="c">1895-1896.</subfield></datafield><datafield ind1=" " ind2=" " tag="300"><subfield code="a">v.</subfield></datafield><datafield ind1=" " ind2=" " tag="310"><subfield code="a">Weekly</subfield></datafield><datafield ind1="0" ind2=" " tag="362"><subfield code="a">Vol. 5, no. 2 (Feb. 7, 1895)-v. 5, no. 51 (Jan. 16, 1896).</subfield></datafield><datafield ind1=" " ind2=" " tag="752"><subfield code="a">United States</subfield><subfield code="b">Missouri</subfield><subfield code="c">Scotland</subfield><subfield code="d">Memphis.</subfield></datafield><datafield ind1="0" ind2="0" tag="780"><subfield code="t">Farmers' union (Memphis, Mo.)</subfield><subfield code="x">2378-5063</subfield><subfield code="w">(DLC)sn 89067453</subfield><subfield code="w">(OCoLC)20615646</subfield></datafield></record>